<?xml version="1.0" encoding="UTF-8"?><collection xmlns="http://www.loc.gov/MARC21/slim"><record><leader>00395nam--2200121-i-4500</leader><controlfield tag="001">000017283</controlfield><controlfield tag="002">20161230</controlfield><controlfield tag="005">20161230201032</controlfield><controlfield tag="008">060222s1000------------r-----000-0-eng-d</controlfield><datafield ind1=" " ind2=" " tag="080"><subfield code="a">341.217(4):330.34</subfield></datafield><datafield ind1=" " ind2=" " tag="245"><subfield code="a">Aid element of government r&amp;d contracts. a report to the commission of the european communities</subfield></datafield><datafield ind1=" " ind2=" " tag="260"><subfield code="a">Brussels, Commission Of The European Communi- Tie, 1991. 68 P</subfield></datafield><datafield ind1=" " ind2=" " tag="852"><subfield code="a">80185</subfield></datafield></record></collection>